<?xml version="1.0" encoding="UTF-8"?><collection xmlns="http://www.loc.gov/MARC21/slim"><record><leader>00456nam--2200169-i-4500</leader><controlfield tag="001">000014861</controlfield><controlfield tag="002">20161230</controlfield><controlfield tag="005">20161230201031</controlfield><controlfield tag="008">060222s1000------------r-----000-0-eng-d</controlfield><datafield ind1=" " ind2=" " tag="040"><subfield code="a">IFIN-HH</subfield></datafield><datafield ind1=" " ind2=" " tag="080"><subfield code="a">539.194</subfield></datafield><datafield ind1="1" ind2=" " tag="100"><subfield code="a">Cyvin, Sven J</subfield></datafield><datafield ind1="1" ind2="0" tag="245"><subfield code="a">Molecular vibrations and mean square amplitudes</subfield><subfield code="c">Sven j. cyvin</subfield></datafield><datafield ind1=" " ind2=" " tag="260"><subfield code="a">Amsterdam</subfield><subfield code="b">Elsevier Publishing Company</subfield><subfield code="c">1968</subfield></datafield><datafield ind1=" " ind2=" " tag="300"><subfield code="a">424P</subfield></datafield><datafield ind1=" " ind2=" " tag="852"><subfield code="a">75782</subfield><subfield code="c">539.19</subfield></datafield><datafield ind1=" " ind2=" " tag="CAT"><subfield code="a">Sys</subfield><subfield code="c">20120718</subfield><subfield code="h">100949</subfield></datafield></record></collection>